<?xml version="1.0" encoding="UTF-8"?>
<SOAP-ENV:Envelope xmlns:SOAP-ENV="http://schemas.xmlsoap.org/soap/envelope/" xmlns:ns1="http://oss.dbc.dk/ns/openformat" xmlns:os="http://oss.dbc.dk/ns/ope
nsearch" xmlns:dc="http://purl.org/dc/elements/1.1/" xmlns:dkabm="http://biblstandard.dk/abm/namespace/dkabm/" xmlns:ISO639-2="http://lcweb.loc.gov/standard
s/iso639-2/" xmlns:dcmitype="http://purl.org/dc/dcmitype/" xmlns:dcterms="http://purl.org/dc/terms/" xmlns:ac="http://biblstandard.dk/ac/namespace/" xmlns:d
kdcplus="http://biblstandard.dk/abm/namespace/dkdcplus/" xmlns:oss="http://oss.dbc.dk/ns/osstypes" xmlns:marcx="info:lc/xmlns/marcxchange-v1" xmlns:xsi="htt
p://www.w3.org/2001/XMLSchema-instance" xmlns:foxml="info:fedora/fedora-system:def/foxml#" xsi:schemaLocation="info:fedora/fedora-system:def/foxml# http://w
ww.fedora.info/definitions/1/0/foxml1-1.xsd">
  <SOAP-ENV:Body>
    <ns1:formatRequest>
      <ns1:originalData>
<oclcRecords><oclcRecord><foxml:digitalObject VERSION="1.1" PID="870970-basis:28439040"
xmlns:foxml="info:fedora/fedora-system:def/foxml#"
xmlns:xsi="http://www.w3.org/2001/XMLSchema-instance"
xsi:schemaLocation="info:fedora/fedora-system:def/foxml# http://www.fedora.info/definitions/1/0/foxml1-1.xsd">
<foxml:objectProperties>
<foxml:property NAME="info:fedora/fedora-system:def/model#state" VALUE="Active"/>
<foxml:property NAME="info:fedora/fedora-system:def/model#label" VALUE=""/>
<foxml:property NAME="info:fedora/fedora-system:def/model#ownerId" VALUE=""/>
<foxml:property NAME="info:fedora/fedora-system:def/model#createdDate" VALUE="2013-05-16T12:09:13.700Z"/>
<foxml:property NAME="info:fedora/fedora-system:def/view#lastModifiedDate" VALUE="2013-05-16T12:09:13.777Z"/>
</foxml:objectProperties>
<foxml:datastream ID="AUDIT" STATE="A" CONTROL_GROUP="X" VERSIONABLE="false">
<foxml:datastreamVersion ID="AUDIT.0" LABEL="Audit Trail for this object" CREATED="2013-05-16T12:09:13.700Z" MIMETYPE="text/xml" FORMAT_URI="info:fedora/fedora-system:format/xml.fedora.audit">
<foxml:xmlContent>
<audit:auditTrail xmlns:audit="info:fedora/fedora-system:def/audit#">
<audit:record ID="AUDREC1">
<audit:process type="Fedora API-M"/>
<audit:action>modifyDatastreamByValue</audit:action>
<audit:componentID>RELS-SYS</audit:componentID>
<audit:responsibility>fedoraAdmin</audit:responsibility>
<audit:date>2013-05-16T12:09:13.777Z</audit:date>
<audit:justification></audit:justification>
</audit:record>
</audit:auditTrail>
</foxml:xmlContent>
</foxml:datastreamVersion>
</foxml:datastream>
<foxml:datastream ID="DC" STATE="A" CONTROL_GROUP="X" VERSIONABLE="false">
<foxml:datastreamVersion ID="DC.0" LABEL="" CREATED="2013-05-16T12:09:13.708Z" MIMETYPE="text/xml" SIZE="1258">
<foxml:xmlContent>
<oai_dc:dc xmlns:oai_dc="http://www.openarchives.org/OAI/2.0/oai_dc/" xmlns:dc="http://purl.org/dc/elements/1.1/" xmlns:xsi="http://www.w3.org/2001/XMLSchema-instance" xsi:schemaLocation="http://www.openarchives.org/OAI/2.0/oai_dc/ http://www.openarchives.org/OAI/2.0/oai_dc.xsd">
  <dc:title>de brændende bjerge</dc:title>
  <dc:title>MATCH:de bræ</dc:title>
  <dc:creator>John Christopher</dc:creator>
  <dc:creator>NOBIRTH:John Christopher</dc:creator>
  <dc:creator>MATCHSTRING:Christopherj</dc:creator>
  <dc:subject>for 13 år</dc:subject>
  <dc:subject>for 14 år</dc:subject>
  <dc:subject>for 15 år</dc:subject>
  <dc:subject>for 16 år</dc:subject>
  <dc:subject>science fiction</dc:subject>
  <dc:publisher>tellerup av</dc:publisher>
  <dc:publisher>MATCHSTRING:telleru</dc:publisher>
  <dc:contributor>MATCHSTRING:Palnerh</dc:contributor>
  <dc:contributor>henning palner</dc:contributor>
  <dc:contributor>bjarne skovlund</dc:contributor>
  <dc:date>2010</dc:date>
  <dc:type>Lydbog (net)</dc:type>
  <dc:type>WORK:literature</dc:type>
  <dc:identifier>870970-basis:28439040</dc:identifier>
  <dc:identifier>ISBN:9788790101879</dc:identifier>
  <dc:source>beyond the burning lands</dc:source>
  <dc:language>Dansk</dc:language>
</oai_dc:dc>
</foxml:xmlContent>
</foxml:datastreamVersion>
</foxml:datastream>
<foxml:datastream ID="commonData" STATE="A" CONTROL_GROUP="X" VERSIONABLE="false">
<foxml:datastreamVersion ID="commonData.0" LABEL="" CREATED="2013-05-16T12:09:13.708Z" MIMETYPE="text/xml" SIZE="9208">
<foxml:xmlContent>
<ting:container xmlns:ac="http://biblstandard.dk/ac/namespace/" xmlns:dc="http://purl.org/dc/elements/1.1/" xmlns:dcterms="http://purl.org/dc/terms/" xmlns:dkabm="http://biblstandard.dk/abm/namespace/dkabm/" xmlns:dkdcplus="http://biblstandard.dk/abm/namespace/dkdcplus/" xmlns:docbook="http://docbook.org/ns/docbook" xmlns:oss="http://oss.dbc.dk/ns/osstypes" xmlns:ting="http://www.dbc.dk/ting" xmlns:xsi="http://www.w3.org/2001/XMLSchema-instance"><dkabm:record><ac:identifier>28439040|870970</ac:identifier><ac:source>Bibliotekskatalog</ac:source><dc:title>De Brændende Bjerge</dc:title><dc:title xsi:type="dkdcplus:full">De Brændende Bjerge</dc:title><dc:title xsi:type="dkdcplus:series">Sværdet ; 2</dc:title><dc:creator xsi:type="dkdcplus:aut">John Christopher</dc:creator><dc:creator xsi:type="oss:sort">Christopher, John</dc:creator><dc:subject xsi:type="dkdcplus:DK5-Text">Skønlitteratur</dc:subject><dc:subject xsi:type="dkdcplus:DBCN">for 13 år</dc:subject><dc:subject xsi:type="dkdcplus:DBCN">for 14 år</dc:subject><dc:subject xsi:type="dkdcplus:DBCN">for 15 år</dc:subject><dc:subject xsi:type="dkdcplus:DBCN">for 16 år</dc:subject><dc:subject xsi:type="dkdcplus:DBCS">science fiction</dc:subject><dc:subject xsi:type="dkdcplus:DK5">sk</dc:subject><dcterms:abstract>Science fiction. Forstødt fra tronen af broderen Peter foretrækker Luke at udforske landet bag de Brændende Bjerge. Her hersker andre normer, som åbner Lukes øjne for troldmændenes rænkespil, der koster dyrt i menneskeliv</dcterms:abstract><dc:description>Downloades i WMA-format eller streames</dc:description><dc:description>Oversætteren fremgår ikke af materialet</dc:description><dcterms:audience>børnematerialer</dcterms:audience><dc:publisher>Tellerup AV</dc:publisher><dc:contributor xsi:type="dkdcplus:dkind">Henning Palner</dc:contributor><dc:contributor xsi:type="dkdcplus:trl">Bjarne Skovlund</dc:contributor><dc:date>2010</dc:date><dc:type xsi:type="dkdcplus:BibDK-Type">Lydbog (net)</dc:type><dcterms:extent>Spilletid i WMA-format: 5 t., 46 min.</dcterms:extent><dcterms:extent>Spilletid ved streaming: 5 t., 41 min.</dcterms:extent><dc:identifier xsi:type="dkdcplus:ISBN">9788790101879</dc:identifier><dc:identifier xsi:type="dcterms:URI">http://netlydbog.dk/ting/object/150015:28439040</dc:identifier><dc:source>Beyond the burning lands</dc:source><dc:language xsi:type="dcterms:ISO639-2">dan</dc:language><dc:language>Dansk</dc:language></dkabm:record><marcx:collection xmlns:marcx="info:lc/xmlns/marcxchange-v1"><marcx:record format="danMARC2" type="Bibliographic"><marcx:leader>00000n    2200000   4500</marcx:leader><marcx:datafield ind1="0" ind2="0" tag="001"><marcx:subfield code="a">28439040</marcx:subfield><marcx:subfield code="b">870970</marcx:subfield><marcx:subfield code="c">20120704125010</marcx:subfield><marcx:subfield code="d">20100921</marcx:subfield><marcx:subfield code="f">a</marcx:subfield></marcx:datafield><marcx:datafield ind1="0" ind2="0" tag="004"><marcx:subfield code="r">n</marcx:subfield><marcx:subfield code="a">e</marcx:subfield></marcx:datafield><marcx:datafield ind1="0" ind2="0" tag="005"><marcx:subfield code="z">p</marcx:subfield></marcx:datafield><marcx:datafield ind1="0" ind2="0" tag="008"><marcx:subfield code="t">m</marcx:subfield><marcx:subfield code="u">f</marcx:subfield><marcx:subfield code="a">2010</marcx:subfield><marcx:subfield code="b">dk</marcx:subfield><marcx:subfield code="d">x</marcx:subfield><marcx:subfield code="j">f</marcx:subfield><marcx:subfield code="l">dan</marcx:subfield><marcx:subfield code="n">b</marcx:subfield><marcx:subfield code="v">0</marcx:subfield></marcx:datafield><marcx:datafield ind1="0" ind2="0" tag="009"><marcx:subfield code="a">r</marcx:subfield><marcx:subfield code="g">xe</marcx:subfield></marcx:datafield><marcx:datafield ind1="0" ind2="0" tag="021"><marcx:subfield code="e">9788790101879</marcx:subfield><marcx:subfield code="x">87-901018-7-1</marcx:subfield></marcx:datafield><marcx:datafield ind1="0" ind2="0" tag="032"><marcx:subfield code="a">DLF201040</marcx:subfield><marcx:subfield code="x">NET201040</marcx:subfield><marcx:subfield code="x">NLY201040</marcx:subfield><marcx:subfield code="x">DAT201043</marcx:subfield><marcx:subfield code="x">DAT991135</marcx:subfield><marcx:subfield code="x">DAT991229</marcx:subfield></marcx:datafield><marcx:datafield ind1="0" ind2="0" tag="041"><marcx:subfield code="a">dan</marcx:subfield><marcx:subfield code="c">eng</marcx:subfield></marcx:datafield><marcx:datafield ind1="0" ind2="0" tag="100"><marcx:subfield code="a">Christopher</marcx:subfield><marcx:subfield code="h">John</marcx:subfield><marcx:subfield code="4">aut</marcx:subfield></marcx:datafield><marcx:datafield ind1="0" ind2="0" tag="241"><marcx:subfield code="a">Beyond the burning lands</marcx:subfield></marcx:datafield><marcx:datafield ind1="0" ind2="0" tag="245"><marcx:subfield code="a">De ¤Brændende Bjerge</marcx:subfield></marcx:datafield><marcx:datafield ind1="0" ind2="0" tag="260"><marcx:subfield code="b">Tellerup AV</marcx:subfield><marcx:subfield code="c">2010</marcx:subfield></marcx:datafield><marcx:datafield ind1="0" ind2="0" tag="440"><marcx:subfield code="0"></marcx:subfield><marcx:subfield code="a">[Sværdet]</marcx:subfield><marcx:subfield code="v">[2]</marcx:subfield></marcx:datafield><marcx:datafield ind1="0" ind2="0" tag="504"><marcx:subfield code="&amp;">1</marcx:subfield><marcx:subfield code="a">Science fiction. Forstødt fra tronen af broderen Peter foretrækker Luke at udforske landet bag de Brændende Bjerge. Her hersker andre normer, som åbner Lukes øjne for troldmændenes rænkespil, der koster dyrt i menneskeliv</marcx:subfield></marcx:datafield><marcx:datafield ind1="0" ind2="0" tag="512"><marcx:subfield code="a">Downloades i WMA-format eller streames</marcx:subfield></marcx:datafield><marcx:datafield ind1="0" ind2="0" tag="512"><marcx:subfield code="a">Spilletid i WMA-format: 5 t., 46 min.</marcx:subfield></marcx:datafield><marcx:datafield ind1="0" ind2="0" tag="512"><marcx:subfield code="a">Spilletid ved streaming: 5 t., 41 min.</marcx:subfield></marcx:datafield><marcx:datafield ind1="0" ind2="0" tag="512"><marcx:subfield code="a">Oversætteren fremgår ikke af materialet</marcx:subfield></marcx:datafield><marcx:datafield ind1="0" ind2="0" tag="520"><marcx:subfield code="a">Gengivelse af bogen</marcx:subfield></marcx:datafield><marcx:datafield ind1="0" ind2="0" tag="520"><marcx:subfield code="a">Indlæst efter 1. udgave. 1983</marcx:subfield><marcx:subfield code="n">0 602 672 9</marcx:subfield><marcx:subfield code="r">87-588-0041-7</marcx:subfield></marcx:datafield><marcx:datafield ind1="0" ind2="0" tag="520"><marcx:subfield code="&amp;">1</marcx:subfield><marcx:subfield code="a">Bogens originaludgave: 1971</marcx:subfield></marcx:datafield><marcx:datafield ind1="0" ind2="0" tag="652"><marcx:subfield code="n">83</marcx:subfield><marcx:subfield code="z">296</marcx:subfield></marcx:datafield><marcx:datafield ind1="0" ind2="0" tag="652"><marcx:subfield code="o">sk</marcx:subfield></marcx:datafield><marcx:datafield ind1="0" ind2="0" tag="666"><marcx:subfield code="0"></marcx:subfield><marcx:subfield code="s">science fiction</marcx:subfield></marcx:datafield><marcx:datafield ind1="0" ind2="0" tag="666"><marcx:subfield code="0"></marcx:subfield><marcx:subfield code="u">for 13 år</marcx:subfield></marcx:datafield><marcx:datafield ind1="0" ind2="0" tag="666"><marcx:subfield code="0"></marcx:subfield><marcx:subfield code="u">for 14 år</marcx:subfield></marcx:datafield><marcx:datafield ind1="0" ind2="0" tag="666"><marcx:subfield code="0"></marcx:subfield><marcx:subfield code="u">for 15 år</marcx:subfield></marcx:datafield><marcx:datafield ind1="0" ind2="0" tag="666"><marcx:subfield code="0"></marcx:subfield><marcx:subfield code="u">for 16 år</marcx:subfield></marcx:datafield><marcx:datafield ind1="0" ind2="0" tag="700"><marcx:subfield code="a">Palner</marcx:subfield><marcx:subfield code="h">Henning</marcx:subfield><marcx:subfield code="4">dkind</marcx:subfield></marcx:datafield><marcx:datafield ind1="0" ind2="0" tag="720"><marcx:subfield code="o">Bjarne Skovlund</marcx:subfield><marcx:subfield code="4">trl</marcx:subfield></marcx:datafield><marcx:datafield ind1="0" ind2="0" tag="856"><marcx:subfield code="z">Adgangsmåde: Internet</marcx:subfield><marcx:subfield code="u">http://netlydbog.dk/ting/object/150015:28439040</marcx:subfield><marcx:subfield code="z">Adgang til lån for biblioteksbrugere i visse kommuner</marcx:subfield></marcx:datafield><marcx:datafield ind1="0" ind2="0" tag="990"><marcx:subfield code="o">201040</marcx:subfield><marcx:subfield code="b">b</marcx:subfield><marcx:subfield code="b">s</marcx:subfield><marcx:subfield code="u">nt</marcx:subfield></marcx:datafield><marcx:datafield ind1="0" ind2="0" tag="996"><marcx:subfield code="a">DBC</marcx:subfield></marcx:datafield></marcx:record></marcx:collection><adminData><creationDate>2010-09-21</creationDate><libraryType>none</libraryType><indexingAlias>danmarcxchange</indexingAlias><accessType>online</accessType><genre>fiktion</genre><collectionIdentifier>870970-basis</collectionIdentifier></adminData></ting:container>
</foxml:xmlContent>
</foxml:datastreamVersion>
</foxml:datastream>
<foxml:datastream ID="localData.870970-basis" STATE="A" CONTROL_GROUP="X" VERSIONABLE="false">
<foxml:datastreamVersion ID="localData.870970-basis.0" LABEL="" CREATED="2013-05-16T12:09:13.709Z" MIMETYPE="text/xml" SIZE="1579">
<foxml:xmlContent>
<ting:localData xmlns:ting="http://www.dbc.dk/ting"><marcx:record xmlns:marcx="info:lc/xmlns/marcxchange-v1" format="danMARC2" type="BibliographicLocal"><marcx:datafield ind1="0" ind2="0" tag="d08"><marcx:subfield code="o">ljl</marcx:subfield><marcx:subfield code="k">dra</marcx:subfield><marcx:subfield code="r">ljl</marcx:subfield><marcx:subfield code="a">260b rettet</marcx:subfield></marcx:datafield><marcx:datafield ind1="0" ind2="0" tag="d08"><marcx:subfield code="a">rettet i forb. med masserettelse af aldersemneord</marcx:subfield></marcx:datafield><marcx:datafield ind1="0" ind2="0" tag="f06"><marcx:subfield code="b">b</marcx:subfield><marcx:subfield code="b">s</marcx:subfield></marcx:datafield><marcx:datafield ind1="0" ind2="0" tag="f21"><marcx:subfield code="a">http://samples.pubhub.dk/9788790101879.mp3</marcx:subfield><marcx:subfield code="l">Publizon</marcx:subfield><marcx:subfield code="f">http://images.pubhub.dk/Media/covers/originals/778b0c70-87aa-48b2-9124-1379d9aa61cd.jpg</marcx:subfield><marcx:subfield code="n">9788790101879</marcx:subfield></marcx:datafield><marcx:datafield ind1="0" ind2="0" tag="n51"><marcx:subfield code="a">20101004</marcx:subfield></marcx:datafield><marcx:datafield ind1="0" ind2="0" tag="n55"><marcx:subfield code="a">20100921</marcx:subfield></marcx:datafield><marcx:datafield ind1="0" ind2="0" tag="s12"><marcx:subfield code="t">TeamBLY201038</marcx:subfield></marcx:datafield><marcx:datafield ind1="0" ind2="0" tag="z99"><marcx:subfield code="a">masseret</marcx:subfield></marcx:datafield></marcx:record></ting:localData>
</foxml:xmlContent>
</foxml:datastreamVersion>
</foxml:datastream>
<foxml:datastream ID="RELS-SYS" STATE="A" CONTROL_GROUP="X" VERSIONABLE="false">
<foxml:datastreamVersion ID="RELS-SYS.1" LABEL="" CREATED="2013-05-16T12:09:13.777Z" MIMETYPE="application/rdf+xml" SIZE="317">
<foxml:xmlContent>
<rdf:RDF xmlns:rdf="http://www.w3.org/1999/02/22-rdf-syntax-ns#">
  <rdf:Description rdf:about="info:fedora/870970-basis:28439040">
    <isMemberOfUnit xmlns="info:fedora/">unit:48004</isMemberOfUnit>
    <isPrimaryBibObjectFor xmlns="info:fedora/">unit:48004</isPrimaryBibObjectFor>
  </rdf:Description>
</rdf:RDF>
</foxml:xmlContent>
</foxml:datastreamVersion>
</foxml:datastream>
</foxml:digitalObject><ocn></ocn><holdingsServiceResponse><response>
<timestamp>2013-05-30 10:36:15.067</timestamp>
<pid>870970-basis:28439040</pid>
<result>
</result>
</response></holdingsServiceResponse></oclcRecord></oclcRecords>

</ns1:originalData>
<ns1:outputFormat>PLACEHOLDER</ns1:outputFormat>
   </ns1:formatRequest>
 </SOAP-ENV:Body>
</SOAP-ENV:Envelope>
